@book{baker1995future,
  title={The future of resource sharing},
  author={Baker, Shirley K and Jackson, Mary E},
  year={1995},
  publisher={Psychology Press}
}

@article{施季森199898,
  title={’98 长江特大洪水成因及森林减灾若干对策},
  author={施季森 and 张金池},
  journal={林业科技开发},
  number={6},
  pages={3--5},
  year={1998}
}

@phdthesis{张志祥1998间断动力系统的随机扰动及其在守恒律方程中的应用,
  title={间断动力系统的随机扰动及其在守恒律方程中的应用},
  author={张志祥},
  year={1998},
  school={北京: 北京大学数学学院}
}

@article{calms1965infrared,
  title={Infrared spectroscopic studies on solid oxygen},
  author={CALMS, RB},
  journal={Berkeley: Univ. of California},
  year={1965}
}

@article{test,
  title={Test for a very very very very very very very very very very very very very long item},
  author={VERY, LONG},
  journal={Verylong: Very Long Journal},
  year={Long long ago}
}